<?xml version="1.0" encoding="UTF-8"?>
<collection xmlns:xsi="http://www.w3.org/2001/XMLSchema-instance" xsi:schemaLocation="http://www.loc.gov/MARC21/slim http://www.loc.gov/standards/marcxml/schema/MARC21slim.xsd" xmlns="http://www.loc.gov/MARC21/slim">
<record>
  <leader>01157cam a2200289 a 4500</leader>
  <controlfield tag="001">2871378</controlfield>
  <controlfield tag="003">NNC</controlfield>
  <controlfield tag="005">20130520195852.0</controlfield>
  <controlfield tag="008">960129s1900    ua            000 0 arard</controlfield>
  <datafield tag="035" ind1=" " ind2=" ">
    <subfield code="a">(OCoLC)ocm34100403</subfield>
  </datafield>
  <datafield tag="035" ind1=" " ind2=" ">
    <subfield code="9">ASA5961CU</subfield>
  </datafield>
  <datafield tag="035" ind1=" " ind2=" ">
    <subfield code="a">(NNC)2871378</subfield>
  </datafield>
  <datafield tag="035" ind1=" " ind2=" ">
    <subfield code="a">2871378</subfield>
  </datafield>
  <datafield tag="040" ind1=" " ind2=" ">
    <subfield code="a">UUM</subfield>
    <subfield code="c">UUM</subfield>
    <subfield code="d">ZCU</subfield>
  </datafield>
  <datafield tag="090" ind1=" " ind2=" ">
    <subfield code="a">BP75</subfield>
    <subfield code="b">.T54 1900</subfield>
  </datafield>
  <datafield tag="100" ind1="1" ind2=" ">
    <subfield code="a">Tirmidhī, Muḥammad ibn ʻĪsá,</subfield>
    <subfield code="d">-892.</subfield>
  </datafield>
  <datafield tag="240" ind1="1" ind2="0">
    <subfield code="a">Shamāʼil.</subfield>
    <subfield code="k">Selections.</subfield>
    <subfield code="f">1900</subfield>
  </datafield>
  <datafield tag="245" ind1="1" ind2="0">
    <subfield code="a">Hādhā Mukhtaṣar Kitāb al-Shamāʾil al-Muḥammadīyah /</subfield>
    <subfield code="c">lil- Tirmidhī. Wa-bi-hāmishihi al-ʻIṭr al-shadhī li-muʾallifihimā ʻAbd al- Majīd al-Sharnūbī.</subfield>
  </datafield>
  <datafield tag="246" ind1="3" ind2="0">
    <subfield code="a">Mukhtaṣar Kitāb al-Shamāʾil al-Muḥammadīyah</subfield>
  </datafield>
  <datafield tag="260" ind1=" " ind2=" ">
    <subfield code="a">[Cairo] :</subfield>
    <subfield code="b">Maṭbaʻat Būlāq al-Amīrīyah,</subfield>
    <subfield code="c">1318 [1900 or 1901]</subfield>
  </datafield>
  <datafield tag="300" ind1=" " ind2=" ">
    <subfield code="a">132 p. ;</subfield>
    <subfield code="c">19 cm.</subfield>
  </datafield>
  <datafield tag="600" ind1="0" ind2="0">
    <subfield code="a">Muḥammad,</subfield>
    <subfield code="c">Prophet,</subfield>
    <subfield code="d">-632.</subfield>
  </datafield>
  <datafield tag="650" ind1=" " ind2="0">
    <subfield code="a">Hadith</subfield>
    <subfield code="v">Early works to 1800.</subfield>
  </datafield>
  <datafield tag="650" ind1=" " ind2="0">
    <subfield code="a">Religious life</subfield>
    <subfield code="x">Islam</subfield>
    <subfield code="v">Early works to 1800.</subfield>
  </datafield>
  <datafield tag="600" ind1="1" ind2="0">
    <subfield code="a">Tirmidhī, Muḥammad ibn ʻĪsá,</subfield>
    <subfield code="d">-892.</subfield>
    <subfield code="t">Mukhtaṣar al- Shamāʼil.</subfield>
  </datafield>
  <datafield tag="700" ind1="1" ind2=" ">
    <subfield code="a">Sharnūbī, ʻAbd al-Majīd.</subfield>
    <subfield code="t">ʻIṭr al-shadhī.</subfield>
  </datafield>
  <datafield tag="955" ind1=" " ind2=" ">
    <subfield code="b">CU55308937</subfield>
    <subfield code="d">off,glx</subfield>
    <subfield code="e">BP75 .T54 1900</subfield>
  </datafield>
</record>
</collection>